@manual{anleitung,
  author = {TU Dortmund},
  title = {Elektrische Br√ºckenschaltungen},
  URL = {http://129.217.224.2/HOMEPAGE/PHYSIKER/BACHELOR/AP/SKRIPT/V302.pdf},
  year = 2015
}
